<collection xmlns:xsi="http://www.w3.org/2001/XMLSchema-instance" xmlns="http://www.loc.gov/MARC21/slim" xsi:schemaLocation="http://www.loc.gov/MARC21/slim http://www.loc.gov/standards/marcxml/schema/MARC21slim.xsd">

<record>
  <leader>08882ckdaa2200901 a 4500</leader>
  <controlfield tag="001">3462188</controlfield>
  <controlfield tag="005">20100226103350.0</controlfield>
  <controlfield tag="008">890418s1911    xx ||| |||||||   1k|eng d</controlfield>
  <datafield tag="035" ind1=" " ind2=" ">
    <subfield code="a">(OCoLC)83907569</subfield>
  </datafield>
  <datafield tag="035" ind1=" " ind2=" ">
    <subfield code="a">(OCoLC)ocm83907569</subfield>
  </datafield>
  <datafield tag="035" ind1=" " ind2=" ">
    <subfield code="a">(CStRLIN)NYDA89-F463</subfield>
  </datafield>
  <datafield tag="035" ind1=" " ind2=" ">
    <subfield code="9">AAA2659AD</subfield>
  </datafield>
  <datafield tag="035" ind1=" " ind2=" ">
    <subfield code="a">(NNC)3462188</subfield>
  </datafield>
  <datafield tag="040" ind1=" " ind2=" ">
    <subfield code="a">NNC</subfield>
    <subfield code="c">NNC</subfield>
    <subfield code="e">gihc</subfield>
  </datafield>
  <datafield tag="043" ind1=" " ind2=" ">
    <subfield code="a">n-us-ca</subfield>
  </datafield>
  <datafield tag="090" ind1=" " ind2=" ">
    <subfield code="i">08/17/01 X</subfield>
    <subfield code="h">01/09/92 N</subfield>
  </datafield>
  <datafield tag="110" ind1="2" ind2=" ">
    <subfield code="a">Greene &amp; Greene.</subfield>
  </datafield>
  <datafield tag="240" ind1="1" ind2="0">
    <subfield code="a">Nathan Bentz house (Santa Barbara, Calif.)</subfield>
  </datafield>
  <datafield tag="245" ind1="1" ind2="0">
    <subfield code="a">Residence for Nathan Bentz, Esq. at Santa Barbara, Cal.</subfield>
    <subfield code="h">[graphic] /</subfield>
    <subfield code="c">Greene &amp; Greene, Architects.</subfield>
  </datafield>
  <datafield tag="260" ind1=" " ind2=" ">
    <subfield code="c">[1911]</subfield>
  </datafield>
  <datafield tag="300" ind1=" " ind2=" ">
    <subfield code="a">29 sheets :</subfield>
    <subfield code="b">various media ;</subfield>
    <subfield code="c">69.2 x 100 cm. (27 2/8 x 39 3/8 in.) or smaller.</subfield>
  </datafield>
  <datafield tag="500" ind1=" " ind2=" ">
    <subfield code="a">Date from inventory.</subfield>
  </datafield>
  <datafield tag="500" ind1=" " ind2=" ">
    <subfield code="a">Bracketed title elements supplied by cataloger or taken from inventoyr.</subfield>
  </datafield>
  <datafield tag="500" ind1=" " ind2=" ">
    <subfield code="a">Forms part of the Greene &amp; Greene collection of architectural drawings; job no. 272.</subfield>
  </datafield>
  <datafield tag="500" ind1=" " ind2=" ">
    <subfield code="a">Scale varies.</subfield>
  </datafield>
  <datafield tag="500" ind1=" " ind2=" ">
    <subfield code="a">This set consists of 10 ink drawings on cloth, 9 blueprints with crayon markings on paper, 4 pencil drawings on paper, 4 ink drawings with pencil on cloth, 3 blueprints on paper, and 2 blueprints with pencil markings on paper.</subfield>
  </datafield>
  <datafield tag="561" ind1=" " ind2=" ">
    <subfield code="a">Gift of Jean Murray Bangs (Mrs. Harwell Hamilton Harris), 1960; formerly the collection of Charles Sumner Greene.</subfield>
  </datafield>
  <datafield tag="650" ind1=" " ind2="7">
    <subfield code="a">Houses.</subfield>
    <subfield code="2">aat</subfield>
  </datafield>
  <datafield tag="650" ind1=" " ind2="7">
    <subfield code="a">Mansions.</subfield>
    <subfield code="2">aat</subfield>
  </datafield>
  <datafield tag="655" ind1=" " ind2="7">
    <subfield code="a">Detail drawings.</subfield>
    <subfield code="2">aat</subfield>
  </datafield>
  <datafield tag="655" ind1=" " ind2="7">
    <subfield code="a">Sketches.</subfield>
    <subfield code="2">aat</subfield>
  </datafield>
  <datafield tag="655" ind1=" " ind2="7">
    <subfield code="a">Framing plans.</subfield>
    <subfield code="2">aat</subfield>
  </datafield>
  <datafield tag="655" ind1=" " ind2="7">
    <subfield code="a">Architectural drawings</subfield>
    <subfield code="x">American.</subfield>
    <subfield code="2">aat</subfield>
  </datafield>
  <datafield tag="655" ind1=" " ind2="7">
    <subfield code="a">Orthographic drawings.</subfield>
    <subfield code="2">aat</subfield>
  </datafield>
  <datafield tag="691" ind1=" " ind2="0">
    <subfield code="a">Santa Barbara (Calif.)</subfield>
  </datafield>
  <datafield tag="697" ind1="2" ind2="4">
    <subfield code="a">Nathan Bentz house (Santa Barbara, Calif.)</subfield>
  </datafield>
  <datafield tag="650" ind1=" " ind2="0">
    <subfield code="a">Architecture</subfield>
    <subfield code="z">United States</subfield>
    <subfield code="v">Designs and plans.</subfield>
  </datafield>
  <datafield tag="700" ind1="1" ind2=" ">
    <subfield code="a">Greene, Charles Sumner,</subfield>
    <subfield code="d">1868-1957.</subfield>
  </datafield>
  <datafield tag="700" ind1="1" ind2=" ">
    <subfield code="a">Greene, Henry Mather,</subfield>
    <subfield code="d">1870-1954.</subfield>
  </datafield>
  <datafield tag="700" ind1="1" ind2=" ">
    <subfield code="a">Bentz, Nathan.</subfield>
  </datafield>
  <datafield tag="755" ind1=" " ind2=" ">
    <subfield code="a">Ink drawings.</subfield>
    <subfield code="2">aat</subfield>
  </datafield>
  <datafield tag="755" ind1=" " ind2=" ">
    <subfield code="a">Blueprints.</subfield>
    <subfield code="2">aat</subfield>
  </datafield>
  <datafield tag="755" ind1=" " ind2=" ">
    <subfield code="a">Pencil drawings.</subfield>
    <subfield code="2">aat</subfield>
  </datafield>
  <datafield tag="755" ind1=" " ind2=" ">
    <subfield code="a">Crayon drawings.</subfield>
    <subfield code="2">aat</subfield>
  </datafield>
  <datafield tag="799" ind1="4" ind2="1">
    <subfield code="a">The Greene &amp; Greene collection of architectural drawings.</subfield>
  </datafield>
  <datafield tag="789" ind1="0" ind2=" ">
    <subfield code="1">[1]</subfield>
    <subfield code="i">NYDA.1960.001.00298.</subfield>
    <subfield code="v">[AVERYimage].</subfield>
    <subfield code="t">Basement plan, typical wall section, n[orth] e[ast] elevation of porch, n.e. elevation of hall, section on L.C. of fireplace, sect. thru. kitchen chimney, sect. thru. retaining wall, [detail drawing of] chimney footing :</subfield>
    <subfield code="n">Sheet no. 1.</subfield>
  </datafield>
  <datafield tag="789" ind1="0" ind2=" ">
    <subfield code="1">[2]</subfield>
    <subfield code="i">NYDA.1960.001.00299.</subfield>
    <subfield code="v">[AVERYimage].</subfield>
    <subfield code="t">Basement plan, typical wall section, n[orth] e[ast] elevation of porch, n.e. elevation of hall, section on L.C. of fireplace, sect. thru. kitchen chimney, sect. thru. retaining wall, [detail drawing of] chimney footing :</subfield>
    <subfield code="n">Sheet no. 1.</subfield>
  </datafield>
  <datafield tag="789" ind1="0" ind2=" ">
    <subfield code="1">[3]</subfield>
    <subfield code="i">NYDA.1960.001.00300.</subfield>
    <subfield code="v">[AVERYimage].</subfield>
    <subfield code="t">[Masonry (lower) portion of house] -- southwest elevation, west elevation, south elevation of den from pergola :</subfield>
    <subfield code="n">Sheet no. 1A.</subfield>
  </datafield>
  <datafield tag="789" ind1="0" ind2=" ">
    <subfield code="1">[4]</subfield>
    <subfield code="i">NYDA.1960.001.00301.</subfield>
    <subfield code="v">[AVERYimage].</subfield>
    <subfield code="t">[Masonry (lower) portion of house] -- southeast elevation, south elevatin of pergola arches, northwest elevation,northeast elevation :</subfield>
    <subfield code="n">Sheet no. 1B.</subfield>
  </datafield>
  <datafield tag="789" ind1="0" ind2=" ">
    <subfield code="1">[5]</subfield>
    <subfield code="i">NYDA.1960.001.00302.</subfield>
    <subfield code="v">[AVERYimage].</subfield>
    <subfield code="t">[Detail drawings of slabs, beams and columns], detail of main entrance steps :</subfield>
    <subfield code="n">Sheet no. 1C.</subfield>
    <subfield code="o">The letter "C" in the sheet no. is crossed out.</subfield>
  </datafield>
  <datafield tag="789" ind1="0" ind2=" ">
    <subfield code="1">[6]</subfield>
    <subfield code="i">NYDA.1960.001.00303.</subfield>
    <subfield code="v">[AVERYimage].</subfield>
    <subfield code="t">[Detail drawings of slabs, beams and columns], detail of main entrance steps :</subfield>
    <subfield code="n">Sheet no. 1C.</subfield>
    <subfield code="o">"Void, see revised sheet".</subfield>
  </datafield>
  <datafield tag="789" ind1="0" ind2=" ">
    <subfield code="1">[7]</subfield>
    <subfield code="i">NYDA.1960.001.00304.</subfield>
    <subfield code="v">[AVERYimage].</subfield>
    <subfield code="t">First floor plan, elevation of northeast wall in hall, section on line A-A, elevation of southwest wall in hall, half elevation of northeast wall in breakfast rm. :</subfield>
    <subfield code="n">Sheet no. 2.</subfield>
    <subfield code="o">"All doors on this floor, unless otherwise marked, to be 6'6" high".</subfield>
  </datafield>
  <datafield tag="789" ind1="0" ind2=" ">
    <subfield code="1">[8]</subfield>
    <subfield code="i">NYDA.1960.001.00305.</subfield>
    <subfield code="v">[AVERYimage].</subfield>
    <subfield code="t">First floor plan, elevation of northeast wall in hall, section on line A-A, elevation of southwest wall in hall, half elevation of northeast wall in breakfast rm. :</subfield>
    <subfield code="n">Sheet no. 2.</subfield>
    <subfield code="o">"All doors on this floor, unless otherwise marked, to be 6'6" high".</subfield>
  </datafield>
  <datafield tag="789" ind1="0" ind2=" ">
    <subfield code="1">[9]</subfield>
    <subfield code="i">NYDA.1960.001.00306.</subfield>
    <subfield code="v">[AVERYimage].</subfield>
    <subfield code="t">First floor plan, elevation of northeast wall in hall, section on line A-A, elevation of southwest wall in hall, half elevation of northeast wall in breakfast rm. :</subfield>
    <subfield code="n">Sheet no. 2.</subfield>
    <subfield code="o">"All doors on this floor, unless otherwise marked, to be 6'6" high".</subfield>
  </datafield>
  <datafield tag="789" ind1="0" ind2=" ">
    <subfield code="1">[10]</subfield>
    <subfield code="i">NYDA.1960.001.00307.</subfield>
    <subfield code="v">[AVERYimage].</subfield>
    <subfield code="t">Second floor plan, plan of bay showing arrangement of casings, 2nd floor framing plan over part of main hall showing arrangement of joists and headers, bed rm. #1 north [elevation], bed rm. #1 west [elevation], bed rm. #1 south [elevation], bed rm. #3 north [elevation], morning rm. south [elevation] :</subfield>
    <subfield code="n">Sheet no 3.</subfield>
  </datafield>
  <datafield tag="789" ind1="0" ind2=" ">
    <subfield code="1">[11]</subfield>
    <subfield code="i">NYDA.1960.001.00308.</subfield>
    <subfield code="v">[AVERYimage].</subfield>
    <subfield code="t">Second floor plan, plan of bay showing arrangement of casings, 2nd floor framing plan over part of main hall showing arrangement of joists and headers, bed rm. #1 north [elevation], bed rm. #1 west [elevation], bed rm. #1 south [elevation], bed rm. #3 north [elevation], morning rm. south [elevation] :</subfield>
    <subfield code="n">Sheet no 3.</subfield>
  </datafield>
  <datafield tag="789" ind1="0" ind2=" ">
    <subfield code="1">[12]</subfield>
    <subfield code="i">NYDA.1960.001.00309R.</subfield>
    <subfield code="v">[AVERYimage].</subfield>
    <subfield code="t">Second floor plan, plan of bay showing arrangement of casings, 2nd floor framing plan over part of main hall showing arrangement of joists and headers, bed rm. #1 north [elevation], bed rm. #1 west [elevation], bed rm. #1 south [elevation], bed rm. #3 north [elevation], morning rm. south [elevation] :</subfield>
    <subfield code="n">Sheet no 3.</subfield>
  </datafield>
  <datafield tag="789" ind1="0" ind2=" ">
    <subfield code="1">[13]</subfield>
    <subfield code="i">NYDA.1960.001.00309V.</subfield>
    <subfield code="v">[AVERYimage].</subfield>
    <subfield code="t">[Unidentified rough sketches]</subfield>
  </datafield>
  <datafield tag="789" ind1="0" ind2=" ">
    <subfield code="1">[14]</subfield>
    <subfield code="i">NYDA.1960.001.00310.</subfield>
    <subfield code="v">[AVERYimage].</subfield>
    <subfield code="t">Roof plan :</subfield>
    <subfield code="n">Sheet no. 4.</subfield>
  </datafield>
  <datafield tag="789" ind1="0" ind2=" ">
    <subfield code="1">[15]</subfield>
    <subfield code="i">NYDA.1960.001.00311R.</subfield>
    <subfield code="v">[AVERYimage].</subfield>
    <subfield code="t">Roof plan :</subfield>
    <subfield code="n">Sheet no. 4.</subfield>
  </datafield>
  <datafield tag="789" ind1="0" ind2=" ">
    <subfield code="1">[16]</subfield>
    <subfield code="i">NYDA.1960.001.00311V.</subfield>
    <subfield code="v">[AVERYimage].</subfield>
    <subfield code="t">[Unidentified rough sketches]</subfield>
  </datafield>
  <datafield tag="789" ind1="0" ind2=" ">
    <subfield code="1">[17]</subfield>
    <subfield code="i">NYDA.1960.001.00312.</subfield>
    <subfield code="v">[AVERYimage].</subfield>
    <subfield code="t">Southwest elevation [with section through wall, unidentified rough sketch] :</subfield>
    <subfield code="n">Sheet no. 5.</subfield>
  </datafield>
  <datafield tag="789" ind1="0" ind2=" ">
    <subfield code="1">[18]</subfield>
    <subfield code="i">NYDA.1960.001.00313.</subfield>
    <subfield code="v">[AVERYimage].</subfield>
    <subfield code="t">Southwest elevation [with section through wall] :</subfield>
    <subfield code="n">Sheet no. 5.</subfield>
  </datafield>
  <datafield tag="789" ind1="0" ind2=" ">
    <subfield code="1">[19]</subfield>
    <subfield code="i">NYDA.1960.001.00314.</subfield>
    <subfield code="v">[AVERYimage].</subfield>
    <subfield code="t">West elevation, south elevation of pergola arches :</subfield>
    <subfield code="n">Sheet no. 6.</subfield>
  </datafield>
  <datafield tag="789" ind1="0" ind2=" ">
    <subfield code="1">[20]</subfield>
    <subfield code="i">NYDA.1960.001.00315.</subfield>
    <subfield code="v">[AVERYimage].</subfield>
    <subfield code="t">West elevation, south elevation of pergola arches :</subfield>
    <subfield code="n">Sheet no. 6.</subfield>
  </datafield>
  <datafield tag="789" ind1="0" ind2=" ">
    <subfield code="1">[21]</subfield>
    <subfield code="i">NYDA.1960.001.00316.</subfield>
    <subfield code="v">[AVERYimage].</subfield>
    <subfield code="t">Northeast elevation :</subfield>
    <subfield code="n">Sheet no. 7.</subfield>
  </datafield>
  <datafield tag="789" ind1="0" ind2=" ">
    <subfield code="1">[22]</subfield>
    <subfield code="i">NYDA.1960.001.00317.</subfield>
    <subfield code="v">[AVERYimage].</subfield>
    <subfield code="t">Northeast elevation :</subfield>
    <subfield code="n">Sheet no. 7.</subfield>
  </datafield>
  <datafield tag="789" ind1="0" ind2=" ">
    <subfield code="1">[23]</subfield>
    <subfield code="i">NYDA.1960.001.00318.</subfield>
    <subfield code="v">[AVERYimage].</subfield>
    <subfield code="t">Southeast elevation :</subfield>
    <subfield code="n">Sheet no. 8.</subfield>
  </datafield>
  <datafield tag="789" ind1="0" ind2=" ">
    <subfield code="1">[24]</subfield>
    <subfield code="i">NYDA.1960.001.00319.</subfield>
    <subfield code="v">[AVERYimage].</subfield>
    <subfield code="t">Southeast elevation :</subfield>
    <subfield code="n">Sheet no. 8.</subfield>
  </datafield>
  <datafield tag="789" ind1="0" ind2=" ">
    <subfield code="1">[25]</subfield>
    <subfield code="i">NYDA.1960.001.00320.</subfield>
    <subfield code="v">[AVERYimage].</subfield>
    <subfield code="t">Northwest elevation of service wing, south elevation of living rm. wing :</subfield>
    <subfield code="n">Sheet no. 9.</subfield>
  </datafield>
  <datafield tag="789" ind1="0" ind2=" ">
    <subfield code="1">[26]</subfield>
    <subfield code="i">NYDA.1960.001.00321R.</subfield>
    <subfield code="v">[AVERYimage].</subfield>
    <subfield code="t">Northwest elevation of service wing, south elevation of living rm. wing :</subfield>
    <subfield code="n">Sheet no. 9.</subfield>
  </datafield>
  <datafield tag="789" ind1="0" ind2=" ">
    <subfield code="1">[27]</subfield>
    <subfield code="i">NYDA.1960.001.00321V.</subfield>
    <subfield code="v">[AVERYimage].</subfield>
    <subfield code="t">[Unidentified rough sketch, perhaps showing heating vents]</subfield>
  </datafield>
  <datafield tag="789" ind1="0" ind2=" ">
    <subfield code="1">[28]</subfield>
    <subfield code="i">NYDA.1960.001.00322.</subfield>
    <subfield code="v">[AVERYimage].</subfield>
    <subfield code="t">1 1/2" scale detail of stair work -- section of balusters, elevation of baluster, stair column (section [in plan] taken at top of column) ; interior elevations [of] living room [and] dining room [with details in sections] :</subfield>
    <subfield code="n">Sheet no. 10.</subfield>
  </datafield>
  <datafield tag="789" ind1="0" ind2=" ">
    <subfield code="1">[29]</subfield>
    <subfield code="i">NYDA.1960.001.00323.</subfield>
    <subfield code="v">[AVERYimage].</subfield>
    <subfield code="t">1 1/2" scale detail of stair work -- section of balusters, elevation of baluster, stair column (section [in plan] taken at top of column) ; interior elevations [of] living room [and] dining room [with details in sections] :</subfield>
    <subfield code="n">Sheet no. 10.</subfield>
  </datafield>
  <datafield tag="789" ind1="0" ind2=" ">
    <subfield code="1">[30]</subfield>
    <subfield code="i">NYDA.1960.001.00324.</subfield>
    <subfield code="v">[AVERYimage].</subfield>
    <subfield code="t">Typical wall section, section thro' verge, end view of gutter, detail of window between bathroom no. 3 and linen room [detail drawings of] linen cases in bathroom, [sections of] cove in bathroom no. 3 (also cove in alcove off bedroom no. 3 omitting tile and having 3 3/4" head casing), one inch scale detail of triple mirror in dressing room and bathroom no. 3 :</subfield>
    <subfield code="n">Sheet no. 11.</subfield>
  </datafield>
  <datafield tag="789" ind1="0" ind2=" ">
    <subfield code="1">[31]</subfield>
    <subfield code="i">NYDA.1960.001.00325.</subfield>
    <subfield code="v">[AVERYimage].</subfield>
    <subfield code="t">Typical wall section, section thro' verge, end view of gutter, detail of window between bathroom no. 3 and linen room [detail drawings of] linen cases in bathroom, [sections of] cove in bathroom no. 3 (also cove in alcove off bedroom no. 3 omitting tile and having 3 3/4" head casing), one inch scale detail of triple mirror in dressing room and bathroom no. 3 :</subfield>
    <subfield code="n">Sheet no. 11.</subfield>
  </datafield>
  <datafield tag="789" ind1="0" ind2=" ">
    <subfield code="1">[32]</subfield>
    <subfield code="i">NYDA.1960.001.00326.</subfield>
    <subfield code="v">[AVERYimage].</subfield>
    <subfield code="t">[Unidentified rough sketches, calculations].</subfield>
    <subfield code="o">Sketches done on large backing paper for roll of drawings.</subfield>
    <subfield code="o">On verso -- "Set no. 1, office copy".</subfield>
  </datafield>
  <datafield tag="900" ind1=" " ind2=" ">
    <subfield code="a">AUTH</subfield>
  </datafield>
</record>

</collection>